% Encoding: UTF-8
%%% PhD Thesis References List
%%
%% This BIB. *must* conform to BiBLaTeX conventions (which nicely
%% enough includes existing BiBTeX conventions).
%%
%% It is strongly suggested that all BIB entries use the following
%% naming convetion:
%%  - the first 5 letters of the first author, followed by all the
%%    lastname initials of all other authors.
%%  - year of publication
%%  - the key shall be in camel-case (e.g. ChurcR1936)
%% For instance: ChurcR1936 is for the paper by Church and Rosser

@Article{ShuS2021,
  author = {Shu, Francy and Shu, Jeff},
  title = {An eight-camera fall detection system using human fall pattern recognition via machine learning by a low-cost android box},
  year = {2021},
  publisher = {Nature},
  volume = {11},
  issue = {2471},
  doi = {10.1038/s41598-021-81115-9},
  journal = {Sci Rep},
  month = {1},
}
